@manual{sample,
  organization = {TU Dortmund, Fakultät Physik},
  title = {Anleitung zum Versuch V401-Michelson-Interferometer},
  year = 2022
}
@inbook{Brechungsindex,
author = {Mende, Dietmar and Simon, Günter},
title = {Wellen},
booktitle = {Physik},
chapter = {},
pages = {272-325},
doi = {10.3139/9783446438613.007},
URL = {https://www.hanser-elibrary.com/doi/abs/10.3139/9783446438613.007},
eprint = {https://www.hanser-elibrary.com/doi/pdf/10.3139/9783446438613.007}
}

